% zdroj na webe

@misc{Hlavny:zdroj,
	author = "Benoit Bideau and Richard Kulpa and Nicolas Vignais and Sébastien Brault and Franck Multon and Cathy Craig",
	title = "Using Virtual Reality to Analyze Sports Performance ",
	year="20 November 2009",
	howpublished = "\url{https://ieeexplore.ieee.org/abstract/document/5339124/}",
}

@misc{Pokus:zdroj,
	author= "Matthew Buns",
	title= "Impact of Virtual RealityTraining on Real-World Hockey Skill: An Intervention Trial ",
	year= "1 Februar 2020",
	howpublished= "\url{http://davidpublisher.com/Public/uploads/Contribute/5edeed9ee355c.pdf/}",
}

@misc{Jaron:zdroj,
	author= "Wikipedia",
	title= "Brief Biography of Jaron Lanierl ",
	year= "3 November 2021",
	howpublished= "\url{https://en.wikipedia.org/wiki/Jaron_Lanier/}",
}

@misc{setuphk:zdroj,
	author= "Sense Arena",
	title="Sense Arena VR Equipment Case user guide",
	year=" 7 Marec 2019",
	howpublished="\url{https://youtu.be/YfgRTIuTcIY/}",
}

@misc{headset:zdroj,
	author="Oculus",
	title="Oculus Quest 2",
	year="6 November 2021",
	howpublished="\url{https://www.oculus.com/quest-2/}",
}

@misc{types:zdroj,
	author="Arzu Çöltekin and Ian Lochhead and Marguerite Madden and Sidonie Christophe and Alexandre Devaux and Christopher Pettit and Oliver Lock and Shashwat Shukla and Lukáš Herman and Zdeněk Stachoň and Petr Kubíček and Dajana Snopková and Sergio Bernardes and Nicholas Hedley",
	year="15. Júl 2020",
	title="Extended Reality in Spatial Sciences: A Review Of Research Challenges and Future Directions",
	howpublished="\url{https://www.mdpi.com/2220-9964/9/7/439}",
}

@misc{zhrnutie:zdroj,
	author="Kunjal Ahir and Kajal Govani and Rutvik Gajera and Manan Shah2",
	year="29. November 2019",
	title="Application on Virtual Reality for Enhanced Education Learning, Military Training and Sports - Augmented Human Research",
	howpublished="\url{https://link.springer.com/content/pdf/10.1007/s41133-019-0025-2.pdf}",
}

%%%%%%%%%%%%%%%%%%%%%%%%%%%%%% Prednasky
@misc{etics:zdroj,
	author="Ing. Ján Lang PhD.",
	title="Etika a udržateľnosť",
	year="9. December 2021",
	howpublished="\url{http://www2.fiit.stuba.sk/~lang/mip/prednasky/p12_povodne11mip.pdf}",
}

@misc{sedem:zdroj,
	author=" Dr. Michal Winczer",
	title="Informatici, ktorí nás opustili 2019 - 2020, a výsledky práce ktorých používame denne",
	howpublished="\url{http://www2.fiit.stuba.sk/~lang/mip/prednasky/p05_informatici19-20.pdf}",
}

@misc{naco:zdroj,
	author="Prof. Ivan Kotuliak",
	title="Načo budem inžinierom?",
	howpublished="\url{http://www2.fiit.stuba.sk/~lang/mip/prednasky/Profesie.pdf}",
}


